@article{Topp73,
  title = {Chemically Motivated Pseudopotential for Sodium},
  author = {Topp, William C. and Hopfield, John J.},
  journal = {Phys. Rev. B},
  volume = {7},
  issue = {4},
  pages = {1295--1303},
  numpages = {0},
  year = {1973},
  month = {Feb},
  publisher = {American Physical Society},
  doi = {10.1103/PhysRevB.7.1295},
  url = {http://link.aps.org/doi/10.1103/PhysRevB.7.1295}
}
@book{text,
  title = {Condensed Matter Physics},
  author = {Marder, Michael P.},
  publisher = {Wiley},
  year = {2011},
  edition = {2nd}
}
@article{Chelikowsky76,
  title = {Nonlocal pseudopotential calculations for the electronic structure of eleven diamond and zinc-blende semiconductors},
  author = {Chelikowsky, James R. and Cohen, Marvin L.},
  journal = {Phys. Rev. B},
  volume = {14},
  issue = {2},
  pages = {556--582},
  numpages = {0},
  year = {1976},
  month = {Jul},
  publisher = {American Physical Society},
  doi = {10.1103/PhysRevB.14.556},
  url = {http://link.aps.org/doi/10.1103/PhysRevB.14.556}
}
@misc{fccsite,
  title = {Lecture Notes on Solid State Physics},
  author = {Huang, Yuan Ming},
  howpublished = {\url{http://www.lcst-cn.org/Solid%20State%20Physics/Ch25.html}},
  note = {Accessed: 2015-05-10}
}
@book{Ashcroft76,
  author = 	 {N.W. Ashcroft and N.D. Mermin},
  title = 	 {Solid State Physics},
  publisher = {Saunders College},
  year = 	 1976,
  address = 	 {Philadelphia},
}
@misc{numpyref,
  title = {Numpy Reference -- Numpy v1.9 Manual},
  author = {The Scipy community},
  howpublished = {\url{http://docs.scipy.org/doc/numpy/reference/}},
  note = {Accessed: 2015-05-10}
}